@article{domlevel2,
  title={Document object model (DOM) level 2 events specification},
  author={Pixley, Tom and others},
  journal={W3C recommendation, November},
  year={2000}
}
@article{websocket,
  title={The websocket protocol},
  author={Fette, Ian and Melnikov, Alexey},
  year={2011}
}
@article{domlevel1,
  title={Document object model (DOM) level 1 specification},
  author={Wood, Lauren and Le Hors, Arnaud and Apparao, Vidur and Byrne, Steve and Champion, Mike and Isaacs, Scott and Jacobs, Ian and Nicol, Gavin and Robie, Jonathan and Sutor, Robert and others},
  journal={W3C Recommendation},
  volume={1},
  year={1998}
}
@online{chromeextensions,
  author = {Google Inc.},
  title = {What are extensions? - Google Chrome},
  year = 2015,
  url = {https://developer.chrome.com/extensions},
  urldate = {2015-06-11}
}